@preamble{ "\newcommand{\noopsort}[1]{} "
	# "\newcommand{\printfirst}[2]{#1} "
	# "\newcommand{\singleletter}[1]{#1} "
	# "\newcommand{\switchargs}[2]{#2#1} " }

@article{questRemovePasswords,
    author = "Joseph Bonneau and 
    Cormac Herley and
    Paul C. van Oorschot and
    Frank Stajano",
    title = "The Quest to Replace Passwords: A Framework for Comparative Evaluation of Web Authentication Schemes",
    pages = "9, 11",
    year = "2012",
    DOI = "https://www.microsoft.com/en-us/research/wp-content/uploads/2016/02/QuestToReplacePasswords.pdf",
    keywords = "password, authentication"
}

@article{2FA,
    author = "Juan Lang and 
    Alexei Czeskis and
    Dirk Balfanz and
    Marius Schilder and
    Sampath Srinivas",
    title = "Security Keys: Practical Cryptographic SecondFactors for the Modern Web",
    year = "2016",
    journal = "Financial Cryptography and Data Security",
    volume = "20",
    DOI = "http://fc16.ifca.ai/preproceedings/25_Lang.pdf",
    keywords = "two-factor authentication"
}

@online{webauthn,
    author = "Dirk Balfanz (Google) and
    Alexei Czeskis (Google) and
    Jeff Hodges (Google) and 
    J.C. Jones (Mozilla) and 
    Michael B. Jones (Microsoft) and
    Akshay Kumar (Microsoft) and 
    Angelo Liao (Microsoft) and 
    Rolf Lindemann (Nok Nok Labs) and
    Emil Lundberg (Yubico)",
    title = "Web Authentication: An API for accessing Public Key Credentials Level 1",
    howpublished  = {\url{https://www.w3.org/TR/webauthn/#sctn-simple-txauth-extension}},
    year = "2019",
    keywords = "two-factor authentication, security"
}

@online{webauthn-online-examples,
    author = "Nick Steele (Duo Labs)",
    title = "WebAuthn.io: A demo of the WebAuthn specification",
    howpublished = {\url{https://webauthn.io/}}
}

@online{webauthn-library,
    title = "WebAuthn Library",
    author = "Duo Labs",
    howpublished = {\url{https://github.com/duo-labs/webauthn}},
    year = "2020",
    keywords = "security, authentication, u2f, webauthn, fido2, webauthn-library"
}

@online{conduit,
    title = "RealWorld example apps",
    howpublished = {\url{https://github.com/gothinkster/realworld}},
    year = "2021",
}

@online{conduit-frontend,
    title = "React Redux RealWorld example app",
    howpublished = {\url{https://github.com/gothinkster/react-redux-realworld-example-app}},
    year = "2021",
}

@online{conduit-backend,
    title = "Golang Echo RealWorld example app",
    howpublished = {\url{https://github.com/xesina/} \newline \url{golang-echo-realworld-example-app}},
    year = "2021",
}

@online{calypso,
    title = "Calypso",
    author = "Automattic",
    howpublished = {\url{https://github.com/Automattic/wp-calypso}},
    year = "2021"
}

@online{gogs,
    title = "Gogs --- A painless self-hosted Git service",
    version = "0.12.3",
    howpublished = {\url{https://github.com/gogs/gogs}},
    year = "2021",
    keywords = "git, go, gogs, lsif-enabled"
}

@online{github,
    title = "Github: Where the world builds software",
    howpublished = {\url{https://github.com}}
}

@online{yubico-products,
    title = "The YubiKey",
    author = "yubico",
    howpublished = {\url{https://www.yubico.com/products/}},
}

@online{fido-u2f,
    title = "What is FIDO U2F?",
    author = "yubico",
    howpublished = {\newline \url{https://www.yubico.com/authentication-standards/fido-u2f/}},
}

@online{fido2,
    title = "FIDO2: WebAuthn & CTAP",
    author = "FIDO Alliance",
    howpublished = {\url{https://fidoalliance.org/fido2/}},
}

@online{ledger,
    title = "Ledger Cryptocurrency Wallet",
    author = "Ledger",
    howpublished = {\url{https://www.ledger.com/}},
}

@online{trezor,
    title = "Trezor Cryptocurrency Wallet",
    author = "Trezor",
    howpublished = {\url{https://trezor.io/}},
}

@online{BoA-2FA,
    title = "How to Enable Two-Factor Authentication on Bank of America",
    author = "Gennie Gebhart (EFF)",
    howpublished = {\url{https://www.eff.org/deeplinks/2016/12/} \newline \url{how-enable-two-factor-authentication-bank-america}},
    year = "2016"
}

@online{virtual-authenticators-tab,
    title = "Virtual Authenticators Tab",
    author = "Google",
    howpublished = {\newline \url{https://github.com/google/virtual-authenticators-tab}},
    keywords = "chrome, extensions, web, devtools, webauthn",
}

@online{krypton,
    title = "Krypton",
    author = "Krypt.co",
    howpublished = {\url{https://krypt.co/}},
}

@online{web-application-firewall,
    title = "Web application firewalls explained: what is WAF?",
    author = "Kim Crawley (AT&T)",
    howpublished = {\newline \url{https://cybersecurity.att.com/blogs/security-essentials/explain-how-a-web-application-firewall-works}},
    year = "2020"
}

@Comment @ARTICLE{article-minimal,
@Comment    author = {L[eslie] A. Aamport},
@Comment    title = {The Gnats and Gnus Document Preparation System},
@Comment    journal = {\mbox{G-Animal's} Journal},
@Comment    year = 1986,
@Comment }

@Comment @ARTICLE{article-full,
@Comment    author = {L[eslie] A. Aamport},
@Comment    title = {The Gnats and Gnus Document Preparation System},
@Comment    journal = {\mbox{G-Animal's} Journal},
@Comment    year = 1986,
@Comment    volume = 41,
@Comment    number = 7,
@Comment    pages = "73+",
@Comment    month = jul,
@Comment    note = "This is a full ARTICLE entry",
@Comment }

@Comment The KEY field is here to override the KEY field in the journal being
@Comment cross referenced (so is the NOTE field, in addition to its imparting
@Comment information).

@Comment @ARTICLE{article-crossref,
@Comment    crossref = {WHOLE-JOURNAL},
@Comment    key = "",
@Comment    author = {L[eslie] A. Aamport},
@Comment    title = {The Gnats and Gnus Document Preparation System},
@Comment    pages = "73+",
@Comment    note = "This is a cross-referencing ARTICLE entry",
@Comment }

@Comment @ARTICLE{whole-journal,
@Comment    key = "GAJ",
@Comment    journal = {\mbox{G-Animal's} Journal},
@Comment    year = 1986,
@Comment    volume = 41,
@Comment    number = 7,
@Comment    month = jul,
@Comment    note = {The entire issue is devoted to gnats and gnus
@Comment 		(this entry is a cross-referenced ARTICLE (journal))},
@Comment }

@Comment @INBOOK{inbook-minimal,
@Comment    author = "Donald E. Knuth",
@Comment    title = "Fundamental Algorithms",
@Comment    publisher = "Addison-Wesley",
@Comment    year = "{\noopsort{1973b}}1973",
@Comment    chapter = "1.2",
@Comment }

@Comment @INBOOK{inbook-full,
@Comment    author = "Donald E. Knuth",
@Comment    title = "Fundamental Algorithms",
@Comment    volume = 1,
@Comment    series = "The Art of Computer Programming",
@Comment    publisher = "Addison-Wesley",
@Comment    address = "Reading, Massachusetts",
@Comment    edition = "Second",
@Comment    month = "10~" # jan,
@Comment    year = "{\noopsort{1973b}}1973",
@Comment    type = "Section",
@Comment    chapter = "1.2",
@Comment    pages = "10--119",
@Comment    note = "This is a full INBOOK entry",
@Comment }

@Comment @INBOOK{inbook-crossref,
@Comment    crossref = "whole-set",
@Comment    title = "Fundamental Algorithms",
@Comment    volume = 1,
@Comment    series = "The Art of Computer Programming",
@Comment    edition = "Second",
@Comment    year = "{\noopsort{1973b}}1973",
@Comment    type = "Section",
@Comment    chapter = "1.2",
@Comment    note = "This is a cross-referencing INBOOK entry",
@Comment }

@Comment @BOOK{book-minimal,
@Comment    author = "Donald E. Knuth",
@Comment    title = "Seminumerical Algorithms",
@Comment    publisher = "Addison-Wesley",
@Comment    year = "{\noopsort{1973c}}1981",
@Comment }

@Comment @BOOK{book-full,
@Comment    author = "Donald E. Knuth",
@Comment    title = "Seminumerical Algorithms",
@Comment    volume = 2,
@Comment    series = "The Art of Computer Programming",
@Comment    publisher = "Addison-Wesley",
@Comment    address = "Reading, Massachusetts",
@Comment    edition = "Second",
@Comment    month = "10~" # jan,
@Comment    year = "{\noopsort{1973c}}1981",
@Comment    note = "This is a full BOOK entry",
@Comment }

@Comment @BOOK{book-crossref,
@Comment    crossref = "whole-set",
@Comment    title = "Seminumerical Algorithms",
@Comment    volume = 2,
@Comment    series = "The Art of Computer Programming",
@Comment    edition = "Second",
@Comment    year = "{\noopsort{1973c}}1981",
@Comment    note = "This is a cross-referencing BOOK entry",
@Comment }

@Comment @BOOK{whole-set,
@Comment    author = "Donald E. Knuth",
@Comment    publisher = "Addison-Wesley",
@Comment    title = "The Art of Computer Programming",
@Comment    series = "Four volumes",
@Comment    year = "{\noopsort{1973a}}{\switchargs{--90}{1968}}",
@Comment    note = "Seven volumes planned (this is a cross-referenced set of BOOKs)",
@Comment }

@Comment @BOOKLET{booklet-minimal,
@Comment    key = "Kn{\printfirst{v}{1987}}",
@Comment    title = "The Programming of Computer Art",
@Comment }

@Comment @BOOKLET{booklet-full,
@Comment    author = "Jill C. Knvth",
@Comment    title = "The Programming of Computer Art",
@Comment    howpublished = "Vernier Art Center",
@Comment    address = "Stanford, California",
@Comment    month = feb,
@Comment    year = 1988,
@Comment    note = "This is a full BOOKLET entry",
@Comment }

@Comment @INCOLLECTION{incollection-minimal,
@Comment    author = "Daniel D. Lincoll",
@Comment    title = "Semigroups of Recurrences",
@Comment    booktitle = "High Speed Computer and Algorithm Organization",
@Comment    publisher = "Academic Press",
@Comment    year = 1977,
@Comment }

@Comment @INCOLLECTION{incollection-full,
@Comment    author = "Daniel D. Lincoll",
@Comment    title = "Semigroups of Recurrences",
@Comment    editor = "David J. Lipcoll and D. H. Lawrie and A. H. Sameh",
@Comment    booktitle = "High Speed Computer and Algorithm Organization",
@Comment    number = 23,
@Comment    series = "Fast Computers",
@Comment    chapter = 3,
@Comment    type = "Part",
@Comment    pages = "179--183",
@Comment    publisher = "Academic Press",
@Comment    address = "New York",
@Comment    edition = "Third",
@Comment    month = sep,
@Comment    year = 1977,
@Comment    note = "This is a full INCOLLECTION entry",
@Comment }

@Comment @INCOLLECTION{incollection-crossref,
@Comment    crossref = "whole-collection",
@Comment    author = "Daniel D. Lincoll",
@Comment    title = "Semigroups of Recurrences",
@Comment    pages = "179--183",
@Comment    note = "This is a cross-referencing INCOLLECTION entry",
@Comment }

@Comment @BOOK{whole-collection,
@Comment    editor = "David J. Lipcoll and D. H. Lawrie and A. H. Sameh",
@Comment    title = "High Speed Computer and Algorithm Organization",
@Comment    booktitle = "High Speed Computer and Algorithm Organization",
@Comment    number = 23,
@Comment    series = "Fast Computers",
@Comment    publisher = "Academic Press",
@Comment    address = "New York",
@Comment    edition = "Third",
@Comment    month = sep,
@Comment    year = 1977,
@Comment    note = "This is a cross-referenced BOOK (collection) entry",
@Comment }

@Comment @MANUAL{manual-minimal,
@Comment    key = "Manmaker",
@Comment    title = "The Definitive Computer Manual",
@Comment }

@Comment @MANUAL{manual-full,
@Comment    author = "Larry Manmaker",
@Comment    title = "The Definitive Computer Manual",
@Comment    organization = "Chips-R-Us",
@Comment    address = "Silicon Valley",
@Comment    edition = "Silver",
@Comment    month = apr # "-" # may,
@Comment    year = 1986,
@Comment    note = "This is a full MANUAL entry",
@Comment }

@Comment @MASTERSTHESIS{mastersthesis-minimal,
@Comment    author = "{\'{E}}douard Masterly",
@Comment    title = "Mastering Thesis Writing",
@Comment    school = "Stanford University",
@Comment    year = 1988,
@Comment }

@Comment @MASTERSTHESIS{mastersthesis-full,
@Comment    author = "{\'{E}}douard Masterly",
@Comment    title = "Mastering Thesis Writing",
@Comment    school = "Stanford University",
@Comment    type = "Master's project",
@Comment    address = "English Department",
@Comment    month = jun # "-" # aug,
@Comment    year = 1988,
@Comment    note = "This is a full MASTERSTHESIS entry",
@Comment }

@Comment @MISC{misc-minimal,
@Comment    key = "Missilany",
@Comment    note = "This is a minimal MISC entry",
@Comment }

@Comment @MISC{misc-full,
@Comment    author = "Joe-Bob Missilany",
@Comment    title = "Handing out random pamphlets in airports",
@Comment    howpublished = "Handed out at O'Hare",
@Comment    month = oct,
@Comment    year = 1984,
@Comment    note = "This is a full MISC entry",
@Comment }

@Comment @STRING{STOC-key = "OX{\singleletter{stoc}}"}

@Comment @STRING{ACM = "The OX Association for Computing Machinery"}

@Comment @STRING{STOC = " Symposium on the Theory of Computing"}

@Comment @INPROCEEDINGS{inproceedings-minimal,
@Comment    author = "Alfred V. Oaho and Jeffrey D. Ullman and Mihalis Yannakakis",
@Comment    title = "On Notions of Information Transfer in {VLSI} Circuits",
@Comment    booktitle = "Proc. Fifteenth Annual ACM" # STOC,
@Comment    year = 1983,
@Comment }

@Comment @INPROCEEDINGS{inproceedings-full,
@Comment    author = "Alfred V. Oaho and Jeffrey D. Ullman and Mihalis Yannakakis",
@Comment    title = "On Notions of Information Transfer in {VLSI} Circuits",
@Comment    editor = "Wizard V. Oz and Mihalis Yannakakis",
@Comment    booktitle = "Proc. Fifteenth Annual ACM" # STOC,
@Comment    number = 17,
@Comment    series = "All ACM Conferences",
@Comment    pages = "133--139",
@Comment    month = mar,
@Comment    year = 1983,
@Comment    address = "Boston",
@Comment    organization = ACM,
@Comment    publisher = "Academic Press",
@Comment    note = "This is a full INPROCEDINGS entry",
@Comment }

@Comment @INPROCEEDINGS{inproceedings-crossref,
@Comment    crossref = "whole-proceedings",
@Comment    author = "Alfred V. Oaho and Jeffrey D. Ullman and Mihalis Yannakakis",
@Comment    title = "On Notions of Information Transfer in {VLSI} Circuits",
@Comment    organization = "",
@Comment    pages = "133--139",
@Comment    note = "This is a cross-referencing INPROCEEDINGS entry",
@Comment }

@Comment @PROCEEDINGS{proceedings-minimal,
@Comment    key = STOC-key,
@Comment    title = "Proc. Fifteenth Annual" # STOC,
@Comment    year = 1983,
@Comment }

@Comment @PROCEEDINGS{proceedings-full,
@Comment    editor = "Wizard V. Oz and Mihalis Yannakakis",
@Comment    title = "Proc. Fifteenth Annual" # STOC,
@Comment    number = 17,
@Comment    series = "All ACM Conferences",
@Comment    month = mar,
@Comment    year = 1983,
@Comment    address = "Boston",
@Comment    organization = ACM,
@Comment    publisher = "Academic Press",
@Comment    note = "This is a full PROCEEDINGS entry",
@Comment }

@Comment @PROCEEDINGS{whole-proceedings,
@Comment    key = STOC-key,
@Comment    organization = ACM,
@Comment    title = "Proc. Fifteenth Annual" # STOC,
@Comment    address = "Boston",
@Comment    year = 1983,
@Comment    booktitle = "Proc. Fifteenth Annual ACM" # STOC,
@Comment    note = "This is a cross-referenced PROCEEDINGS",
@Comment }

@Comment @PHDTHESIS{phdthesis-minimal,
@Comment    author = "F. Phidias Phony-Baloney",
@Comment    title = "Fighting Fire with Fire: Festooning {F}rench Phrases",
@Comment    school = "Fanstord University",
@Comment    year = 1988,
@Comment }

@Comment @PHDTHESIS{phdthesis-full,
@Comment    author = "F. Phidias Phony-Baloney",
@Comment    title = "Fighting Fire with Fire: Festooning {F}rench Phrases",
@Comment    school = "Fanstord University",
@Comment    type = "{PhD} Dissertation",
@Comment    address = "Department of French",
@Comment    month = jun # "-" # aug,
@Comment    year = 1988,
@Comment    note = "This is a full PHDTHESIS entry",
@Comment }

@Comment @TECHREPORT{techreport-minimal,
@Comment    author = "Tom Terrific",
@Comment    title = "An {$O(n \log n / \! \log\log n)$} Sorting Algorithm",
@Comment    institution = "Fanstord University",
@Comment    year = 1988,
@Comment }

@Comment @TECHREPORT{techreport-full,
@Comment    author = "Tom T{\'{e}}rrific",
@Comment    title = "An {$O(n \log n / \! \log\log n)$} Sorting Algorithm",
@Comment    institution = "Fanstord University",
@Comment    type = "Wishful Research Result",
@Comment    number = "7",
@Comment    address = "Computer Science Department, Fanstord, California",
@Comment    month = oct,
@Comment    year = 1988,
@Comment    note = "This is a full TECHREPORT entry",
@Comment }

@Comment @UNPUBLISHED{unpublished-minimal,
@Comment    author = "Ulrich {\"{U}}nderwood and Ned {\~N}et and Paul {\={P}}ot",
@Comment    title = "Lower Bounds for Wishful Research Results",
@Comment    note = "Talk at Fanstord University (this is a minimal UNPUBLISHED entry)",
@Comment }

@Comment @UNPUBLISHED{unpublished-full,
@Comment    author = "Ulrich {\"{U}}nderwood and Ned {\~N}et and Paul {\={P}}ot",
@Comment    title = "Lower Bounds for Wishful Research Results",
@Comment    month = nov # ", " # dec,
@Comment    year = 1988,
@Comment    note = "Talk at Fanstord University (this is a full UNPUBLISHED entry)",
@Comment }

@Comment @MISC{random-note-crossref,
@Comment    key = {Volume-2},
@Comment    note = "Volume~2 is listed under Knuth \cite{book-full}"
@Comment }
